<?xml version="1.0" encoding="UTF-8"?><collection xmlns="http://www.loc.gov/MARC21/slim"><record><leader>00407nam--2200109-i-4500</leader><controlfield tag="001">000038189</controlfield><controlfield tag="002">20161230</controlfield><controlfield tag="005">20161230201041</controlfield><controlfield tag="008">060222s1000------------r-----000-0-eng-d</controlfield><datafield ind1=" " ind2=" " tag="245"><subfield code="a">Realizari in domeniul electronicii profesionale. comunicari prezentate sa sesiunile stiintifice ale icsite din 1980 si 1981 in sectiunile:vol.!:componente electronice profesionale</subfield></datafield><datafield ind1=" " ind2=" " tag="260"><subfield code="a">Bucuresti, Icsite, 1982</subfield></datafield><datafield ind1=" " ind2=" " tag="852"><subfield code="a">71222</subfield></datafield></record></collection>